% ###################  Word2vec  ##################################

@inproceedings{mikolov2013distributed,
title={Distributed representations of words and phrases and their compositionality},
author={Mikolov, Tomas and Sutskever, Ilya and Chen, Kai and Corrado, Greg S and Dean, Jeff},
booktitle={Advances in Neural Information Processing Systems},
pages={3111--3119},
year={2013}
}


@inproceedings{clark2003combining,
title={Combining distributional and morphological information for part of speech induction},
author={Clark, Alexander},
booktitle={Proceedings of the tenth conference on European chapter of the Association for Computational Linguistics-Volume 1},
pages={59--66},
year={2003},
organization={Association for Computational Linguistics}
}

@article{brown1992class,
title={Class-based n-gram models of natural language},
author={Brown, Peter F and Desouza, Peter V and Mercer, Robert L and Pietra, Vincent J Della and Lai, Jenifer C},
journal={Computational linguistics},
volume={18},
number={4},
pages={467--479},
year={1992},
publisher={MIT Press}
}

@INPROCEEDINGS{Pennington14glove:global,
    author = {Jeffrey Pennington and Richard Socher and Christopher D. Manning},
    title = {Glove: Global vectors for word representation},
    booktitle = {In EMNLP},
    year = {2014}
}

% ###################  FastText  ##################################

@article{fasttext1_bojanowski2017enriching,
  title={Enriching Word Vectors with Subword Information},
  author={Bojanowski, Piotr and Grave, Edouard and Joulin, Armand and Mikolov, Tomas},
  journal={Transactions of the Association for Computational Linguistics},
  volume={5},
  year={2017},
  issn={2307-387X},
  pages={135--146}
}

@inproceedings{fasttext2_grave2018learning,
  title={Learning Word Vectors for 157 Languages},
  author={Grave, Edouard and Bojanowski, Piotr and Gupta, Prakhar and Joulin, Armand and Mikolov, Tomas},
  booktitle={Proceedings of the International Conference on Language Resources and Evaluation (LREC 2018)},
  year={2018}
}

@inproceedings{Buck-commoncrawl,
 author = {Christian Buck and Kenneth Heafield and Bas van Ooyen},
 title = {N-gram Counts and Language Models from the Common Crawl},
 year = {2014},
 month = {May},
 booktitle = {Proceedings of the Language Resources and Evaluation Conference},
 address = {Reykjavik, Iceland}
}

% ################### Flair ##################################

@inproceedings{akbik2019naacl,
  title={Pooled Contextualized Embeddings for Named Entity Recognition},
  author={Akbik, Alan and Bergmann, Tanja and Vollgraf, Roland},
  booktitle = {{NAACL} 2019, 2019 Annual Conference of the North American Chapter of the Association for Computational Linguistics},
  pages     = {724â€“728},
  year      = {2019}
}


@inproceedings{akbik2018coling,
  title={Contextual String Embeddings for Sequence Labeling},
  author={Akbik, Alan and Blythe, Duncan and Vollgraf, Roland},
  booktitle = {{COLING} 2018, 27th International Conference on Computational Linguistics},
  pages     = {1638--1649},
  year      = {2018}
}

@misc{huang2015bidirectional,
    title={{Bidirectional LSTM-CRF Models for Sequence Tagging}},
    author={Zhiheng Huang and Wei Xu and Kai Yu},
    year={2015},
    eprint={1508.01991},
    archivePrefix={arXiv},
    primaryClass={cs.CL}
}

@article{agerri2016robust,
  title={Robust multilingual Named Entity Recognition with shallow semi-supervised features},
  author={Agerri, Rodrigo and Rigau, German},
  journal={Artificial Intelligence},
  volume={238},
  pages={63--82},
  year={2016},
  publisher={Elsevier}
}

@article{alegria2006lessons,
  title={Lessons from the development of a named entity recognizer for {B}asque},
  author={Alegria, I{\~n}aki and Arregi, Olatz and Ezeiza, Nerea and Fern{\'a}ndez, Izaskun},
  journal={Procesamiento del lenguaje natural},
  volume={36},
  pages={25--37},
  year={2006},
  publisher={Sociedad Espa{\~n}ola para el Procesamiento del Lenguaje Natural}
}

@inproceedings{plank-etal-2016-multilingual,
    title = "Multilingual Part-of-Speech Tagging with Bidirectional Long Short-Term Memory Models and Auxiliary Loss",
    author = "Plank, Barbara  and
      S{\o}gaard, Anders  and
      Goldberg, Yoav",
    booktitle = "Proceedings of the 54th Annual Meeting of the Association for Computational Linguistics (Volume 2: Short Papers)",
    month = aug,
    year = "2016",
    address = "Berlin, Germany",
    publisher = "Association for Computational Linguistics",
    url = "https://www.aclweb.org/anthology/P16-2067",
    doi = "10.18653/v1/P16-2067",
    pages = "412--418",
}

% ################### Bert eta lagunak ##################################

@inproceedings{devlin2019bert,
  title={{BERT: Pre-training of Deep Bidirectional Transformers for Language Understanding}},
  author={Devlin, Jacob and Chang, Ming-Wei and Lee, Kenton and Toutanova, Kristina},
  booktitle={Proceedings of the 2019 Conference of the North American Chapter of the Association for Computational Linguistics: Human Language Technologies, Volume 1 (Long and Short Papers)},
  pages={4171--4186},
  year={2019}
}

@article{lample2019cross,
  title={{Cross-lingual language model pretraining}},
  author={Lample, Guillaume and Conneau, Alexis},
  journal={arXiv preprint arXiv:1901.07291},
  year={2019}
}

@article{liu2019roberta,
  title={{RoBERTa: A robustly optimized bert pretraining approach}},
  author={Liu, Yinhan and Ott, Myle and Goyal, Naman and Du, Jingfei and Joshi, Mandar and Chen, Danqi and Levy, Omer and Lewis, Mike and Zettlemoyer, Luke and Stoyanov, Veselin},
  journal={arXiv preprint arXiv:1907.11692},
  year={2019}
}

@article{yang2019xlnet,
  title={{XLNet: Generalized Autoregressive Pretraining for Language Understanding}},
  author={Yang, Zhilin and Dai, Zihang and Yang, Yiming and Carbonell, Jaime and Salakhutdinov, Ruslan and Le, Quoc V},
  journal={arXiv preprint arXiv:1906.08237},
  year={2019}
}

@inproceedings{vaswani2017attention,
  title={{Attention is all you need}},
  author={Vaswani, Ashish and Shazeer, Noam and Parmar, Niki and Uszkoreit, Jakob and Jones, Llion and Gomez, Aidan N and Kaiser, {\L}ukasz and Polosukhin, Illia},
  booktitle={Advances in neural information processing systems},
  pages={5998--6008},
  year={2017}
}

@article{martin2019camembert,
  title={{CamemBERT}: a Tasty French Language Model},
  author={Martin, Louis and Muller, Benjamin and Su{\'a}rez, Pedro Javier Ortiz and Dupont, Yoann and Romary, Laurent and de la Clergerie, {\'E}ric Villemonte and Seddah, Djam{\'e} and Sagot, Beno{\^\i}t},
  journal={arXiv preprint arXiv:1911.03894},
  year={2019}
}


% #################### Subword units ######################

@inproceedings{kudo2018subword,
  title={Subword Regularization: Improving Neural Network Translation Models with Multiple Subword Candidates},
  author={Kudo, Taku},
  booktitle={Proceedings of the 56th Annual Meeting of the Association for Computational Linguistics (Volume 1: Long Papers)},
  pages={66--75},
  year={2018}
}
@article{wu2016google,
  title={Google's neural machine translation system: Bridging the gap between human and machine translation},
  author={Wu, Yonghui and Schuster, Mike and Chen, Zhifeng and Le, Quoc V and Norouzi, Mohammad and Macherey, Wolfgang and Krikun, Maxim and Cao, Yuan and Gao, Qin and Macherey, Klaus and others},
  journal={arXiv preprint arXiv:1609.08144},
  year={2016}
}

% #################### ELMO ##################################

@inproceedings{Peters:2018,
  author={Peters, Matthew E. and  Neumann, Mark and Iyyer, Mohit and Gardner, Matt and Clark, Christopher and Lee, Kenton and Zettlemoyer, Luke},
  title={Deep contextualized word representations},
  booktitle={NAACL},
  year={2018}
}


% #################### ULMFIT ##################################

@inproceedings{howard2018universal,
  author = {Jeremy Howard and Sebastian Ruder},
  booktitle = {Proceedings of ACL 2018},
  description = {Universal Language Model Fine-tuning for Text Classification},
  title = {Universal Language Model Fine-tuning for Text Classification},
  year = 2018
}



% ################ Datasets #######################################

@article{san2019multilingual,
  title={Multilingual sentiment analysis in social media},
  author={San Vicente, I{\~n}aki},
  journal={PhD thesis. University of the Basque Country},
  year={2019}
}

@inproceedings{aranzabe2015automatic,
  title={Automatic conversion of the basque dependency treebank to universal dependencies},
  author={Aranzabe, Maria Jesus and Atutxa, Aitziber and Bengoetxea, Kepa and de Ilarraza, Arantza Diaz and Goenaga, Iakes and Gojenola, Koldo and Uria, Larraitz},
  booktitle={Proceedings of the fourteenth international workshop on treebanks an linguistic theories (TLT14)},
  pages={233--241},
  year={2015}
}

@inproceedings{aduriz2003construction,
  title={Construction of a Basque dependency treebank},
  author={Aduriz, Itziar and Aranzabe, Maria Jesus and Arriola, Jose Mari and Atutxa, Aitziber and Diaz de Ilarraza, Arantza and Garmendia, Aitzpea and Oronoz, Maite},
  year={2003},
  booktitle={Treebanks and Linguistic Theories, Vaxjo, Sweden.}
}


@inproceedings{heinzerling-strube-2019-sequence,
    title = "Sequence Tagging with Contextual and Non-Contextual Subword Representations: A Multilingual Evaluation",
    author = "Heinzerling, Benjamin  and
      Strube, Michael",
    booktitle = "Proceedings of the 57th Annual Meeting of the Association for Computational Linguistics",
    month = jul,
    year = 2019,
    address = "Florence, Italy",
    publisher = "Association for Computational Linguistics",
    pages = "273--291"
}

@inproceedings{DBLP:conf/acl/PiresSG19,
  author    = {Telmo Pires and
               Eva Schlinger and
               Dan Garrette},
  title     = {How Multilingual is Multilingual BERT?},
  booktitle = "Proceedings of the 57th Annual Meeting of the Association for Computational Linguistics",
  pages     = {4996--5001},
  year      = 2019
}